Este projeto foi concebido com base num projeto anteriormente realizado por Bruna Macieira e Ricardo Teixeira, n√£o havendo, portanto,
bibliografia a apresentar.
No entanto, o projeto-mor foi baseado num documento de tese da Faculdade de Engenharia da Universidade do Porto.